@ARTICLE{cbow_skip,
	author = {{Mikolov}, T. and {Chen}, K. and {Corrado}, G. and {Dean}, J.},
	title = {Efficient Estimation of Word Representations in Vector Space},
	journal = {ArXiv e-prints},
	year = {2013},
	adsurl = {http://adsabs.harvard.edu/abs/2013arXiv1301.3781M},
	language = {russian},
}
	
@ARTICLE{CNN,
	author = {{Kim}, Y.},
	title = "{Convolutional Neural Networks for Sentence Classification}",
	journal = {ArXiv e-prints},
	archivePrefix = "arXiv",
	eprint = {1408.5882},
	primaryClass = "cs.CL",
	keywords = {Computer Science - Computation and Language, Computer Science - Neural and Evolutionary Computing},
	year = 2014,
	month = aug,
	adsurl = {http://adsabs.harvard.edu/abs/2014arXiv1408.5882K},
	adsnote = {Provided by the SAO/NASA Astrophysics Data System}
	language = {english}
}	

@ARTICLE{vakbib1,
  author = {Фамилия, И. О. and Фамилия2, И. О. and Фамилия3, И. О.},
  addendum = {(0,28~п.~л.)},
  title = {Название статьи},
  journal = {Журнал},
  year = {2013},
  volume = {1},
  number = {5},
  pages = {100--120},
  language = {russian},
}

@ARTICLE{vakbib2,
  author = {Фамилия, И. О. and Фамилия2, И. О. and Фамилия3, И. О. and Фамилия4, И. О.},
  addendum = {(0,33~п.~л.~/ 0,28~п.~л.)},
  title = {Название статьи},
  journal = {Журнал},
  year = {2014},
  volume = {1},
  number = {5},
  pages = {100--120},
  language = {russian},
}
